@book{hunger,
	author = {Thomas. W. Hungerford},
	title = {Algebra},
	publisher = {Springer (India), New Dheli},
	year = 2012,
	volume = {},
	page = {},
}

@book{coding,
	author = {A. Neubaer and J. Freudenberger and V. Kuhn},
	title = {{C}oding {T}heory, {A}lgorithms, {A}rchitectures, and {A}pplications},
	publisher = {John Wiley and Sons Ltd, Chichester, West Sussex, England},
	year = 2007,
	volume = {},
	page = {1-93},
}

@book{foote,
	author = {D. S. Dummit and R. M. Foote},
	title = {{A}bstract {A}lgebra},
	publisher = {John Wiley and Sons, India, Third Edition},
	year = {},
	volume = {},
	page = {},
}

@book{galois,
	author = {Jean-Pierre Escofier},
	title = {{G}alois {T}heory},
	publisher = {Springer, New York}
	year = 2000,
	volume = {},
	page = {219-225},
}

@article{wireless,
	author = {Dikshita Sarma},
	title = {{I}mplementation of {G}alois {F}ield for {A}pplication in {W}ireless {C}ommunication {C}hannels},
	journal = {MATEC Web of Conferences},
	year = 2018,
	volume = {210},
	number = {03012},
	pages = {1-7},
	note = {},
}

@article{algorithm,
	author = {A. Lenstra, H. Lenstra, and L. Lovasz},
	title = {{F}actoring polynomials with rational coefficients},
        journal = {Mathematische Annalen},
	year = 1982,
	volume = {12},
	number = {261},
	pages = {},
	note = {},

}

@article{aes,
	author = {National Institute of Standards and Technology(2001)},
	title = {{A}dvance {E}ncryption {S}tandard(AES)},
	journal = {Department of Commerce, Washington, D.C, Federal Information Processing Standards Publication},
	year = {May 2023},
	volume = {},
	number = {197},
	pages = {1-25},
	note = {https://doi.org/10.6028/NIST.FIPS.197-upd1},
}

@PHDTHESIS{error_correct,
	author = {Gregory Reid Holdman},
	title = {{E}rror {C}orrecting {C}odes  Over {G}alois {R}ings},
	school = {Department of Mathematics, Whitman college},
	year = 2016,
	type = {{G}raduation {D}issertation},
}
